 @misc{epa, title={Stationary Sources of Air Pollution}, url={https://www.epa.gov/stationary-sources-air-pollution}, journal={EPA}, publisher={Environmental Protection Agency}} 